@inproceedings{zhang2004solving,
  title={Solving large scale linear prediction problems using stochastic gradient descent algorithms},
  author={Zhang, Tong},
  booktitle={Proceedings of the twenty-first international conference on Machine learning},
  pages={116},
  year={2004},
  organization={ACM}
}


@article{wilson2003general,
  title={The general inefficiency of batch training for gradient descent learning},
  author={Wilson, D Randall and Martinez, Tony R},
  journal={Neural Networks},
  volume={16},
  number={10},
  pages={1429--1451},
  year={2003},
  publisher={Elsevier}
}


@inproceedings{zinkevich2010parallelized,
  title={Parallelized stochastic gradient descent},
  author={Zinkevich, Martin and Weimer, Markus and Li, Lihong and Smola, Alex J},
  booktitle={Advances in neural information processing systems},
  pages={2595--2603},
  year={2010}
}

@incollection{bottou2010large,
  title={Large-scale machine learning with stochastic gradient descent},
  author={Bottou, L{\'e}on},
  booktitle={Proceedings of COMPSTAT'2010},
  pages={177--186},
  year={2010},
  publisher={Springer}
}

@inproceedings{recht2011hogwild,
  title={Hogwild: A lock-free approach to parallelizing stochastic gradient descent},
  author={Recht, Benjamin and Re, Christopher and Wright, Stephen and Niu, Feng},
  booktitle={Advances in Neural Information Processing Systems},
  pages={693--701},
  year={2011}
}

@incollection{lecun2012efficient,
  title={Efficient backprop},
  author={LeCun, Yann A and Bottou, L{\'e}on and Orr, Genevieve B and M{\"u}ller, Klaus-Robert},
  booktitle={Neural networks: Tricks of the trade},
  pages={9--48},
  year={2012},
  publisher={Springer}
}

@book{dennis1996numerical,
  title={Numerical methods for unconstrained optimization and nonlinear equations},
  author={Dennis Jr, John E and Schnabel, Robert B},
  volume={16},
  year={1996},
  publisher={Siam}
}
}
